%   ****************************************
%   * File: SAMPLE.BIB                     *
%   ****************************************
%   * An invented bib file                 *
%   * For the sample texts                 *
%   * The order is unimportant and there   *
%   * may be more entries than references  *
%   * in the text                          *
%   ****************************************
% 

% Taken from: http://tug.ctan.org/tex-archive/macros/latex/contrib/aguplus/sample.bib
% With minor modifications by Joshua T. Guerin for Senior Design
@misc{R-Shiny,
  author = {Winston Chang},
  title = {R-{Shiny} {Documentation}},
  year = {2023},
howpublished="\url{https://www.rdocumentation.org/packages/shiny/versions/1.7.5.1}",
  urldate = {2023-10-24}
}

@misc{WTSF,
  title = {{West} {Tennessee} {Solar} {Farm}},
  year = {2023},
howpublished="\url{https://solarfarm.tennessee.edu/about/}",
  urldate = {2023-10-24}
}

@misc{OpenMeteo,
      title = {OpenMeteo {API}},
      year = {2023},
      howpublished="\url{https://open-meteo.com}",
      urldate = {2023-10-24}
    }

@misc{Leaflet,
      title = {Leaflet for {R} - {Introduction}},
      year = {2023},
howpublished="\url{https://rstudio.github.io/leaflet/}",
      urldate = {2023-10-24}
    }

@misc{MySQL,
      title = {My{SQL} for {Python}},
      year = {2023},
howpublished="\url{https://dev.mysql.com/doc/connector-python/en/connector-python-coding.html}",
      urldate = {2023-10-24}
    }

@misc{GD,
      title = {Google {Drive} {Package} in {R}},
      year = {2023},
howpublished="\url{https://googledrive.tidyverse.org/}",
      urldate = {2023-10-24}
    }
@misc{RSConnect,
      title = {RSConnect {Package} in {R}},
      year = {2023},
howpublished="\url{https://rstudio.github.io/rsconnect/}",
      urldate = {2023-10-24}
    }
@article{PowerConversion,
author = {Wang, Wenting and Yang, Dazhi and Huang, Nantian and Lyu, Chao and Zhang, Gang and Han, Xueying},
year = {2022},
month = {06},
pages = {112356},
title = {Irradiance-to-power conversion based on physical model chain: {An} application on the optimal configuration of multi-energy microgrid in cold climate},
volume = {161},
journal = {Renewable and Sustainable Energy Reviews},
doi = {10.1016/j.rser.2022.112356}
}

@book{Wickham_2021, title={Mastering Shiny: Interactive Apps, Reports, and Dashboards Powered by R}, publisher={Oâ€™Reilly}, author={Wickham, Hadley}, year={2021}} 

@BOOK{colu92,
	AUTHOR = {Christopher Columbus},
	TITLE = {How {I} Discovered {America}},
	YEAR = {1492},
	PUBLISHER = {Hispanic Press},
	ADDRESS = {Barcelona}
}
@ARTICLE{gree00,
	AUTHOR = {R. J. Green and U. P. Fred and W. P. Norbert},
	TITLE = {Things that Go Bump in the Night},
	YEAR = {1900},
	JOURNAL = {Psych. Today},
	VOLUME = {46},
	PAGES = {345-678}
}
@ARTICLE{phil99,
	AUTHOR = {T. P. Phillips},
	TITLE = {Possible Influence of the Magnetosphere on {American} History},
	YEAR = {1999},
	JOURNAL = {J. Oddball Res.},
	VOLUME = {98},
	PAGES = {1000-1003}
}
@ARTICLE{jame76,
	AUTHOR = {Kelly James and Harris, Jr., George and Wilby Wollops},
	TITLE = {{American} Independence and Magnetism},
	YEAR = {1776},
	JOURNAL = {Revol. Tracts},
	VOLUME = {32},
	PAGES = {34-55}
}
